
@book{todo:2025,
	author = {Mußmächer, Linus},
	title = {The Book of TODO},
	publisher = {Todo Books International},
	adress = {Würzburg},
	year = {2025},
}

@book{mussmaecher:2025,
	title = {Schreiben wissenschaftlicher Arbeiten in LaTeX},
	author = {Mußmächer, Linus},
	year = {2025},
	publisher = {Universtität Würzburg},
}

@book{mussmaecher:2025a,
	title = {Schreiben wissenschaftlicher Arbeiten in LaTeX},
	author = {Mußmächer, Linus},
	year = {2025},
	publisher = {Universtität Würzburg},
}
